<?xml version="1.0" encoding="UTF-8"?><collection xmlns="http://www.loc.gov/MARC21/slim"><record><leader>00760nam--2200193-i-4500</leader><controlfield tag="001">000027977</controlfield><controlfield tag="002">20161230</controlfield><controlfield tag="005">20161230201037</controlfield><controlfield tag="008">060222s1000------------r-----000-0-eng-d</controlfield><datafield ind1=" " ind2=" " tag="040"><subfield code="a">IFIN-HH</subfield></datafield><datafield ind1=" " ind2=" " tag="080"><subfield code="a">541.15:57</subfield></datafield><datafield ind1="1" ind2=" " tag="100"><subfield code="a">Magee, John L</subfield></datafield><datafield ind1="1" ind2="0" tag="245"><subfield code="a">Physical and chemical aspects of basic mechanisms in radiobiology</subfield><subfield code="b">Nuclear science series proceedings of an informal conference held in highland park, illinois, may 7-9, 1953</subfield><subfield code="c">John l. magee, martin d. kamen, robert l. platzman (eds.)</subfield></datafield><datafield ind1=" " ind2=" " tag="260"><subfield code="a">Washngton</subfield><subfield code="b">National Research Council</subfield><subfield code="c">1953</subfield></datafield><datafield ind1=" " ind2=" " tag="300"><subfield code="a">52P</subfield></datafield><datafield ind1=" " ind2=" " tag="490"><subfield code="a">Nuclear Science Series - National Research Council Publication 305</subfield><subfield code="v">Report No. 15</subfield></datafield><datafield ind1="1" ind2=" " tag="700"><subfield code="b">Platzman, Robert L</subfield><subfield code="e">Ed</subfield></datafield><datafield ind1=" " ind2=" " tag="852"><subfield code="a">13144</subfield><subfield code="c">539</subfield></datafield><datafield ind1=" " ind2=" " tag="CAT"><subfield code="a">Sys</subfield><subfield code="c">20110926</subfield><subfield code="h">120039</subfield></datafield></record></collection>